@online{gravitace,
title = { Wolfram|Alpha Widget: Gravitational Fields },
url = {http://goo.gl/dtWkdT},
OPTurldate = {2016-04-06},
}

@book{table,
author = {Jaromír BROŽ and Vladimír ROSKOVEC and Miloslav VALOUCH},
title = {Fyzikální a matematické tabulky},
date = {1980},
publisher = {SNTL},
location = {Praha},
}

@book{prakt,
author = {Jiří ENGLICH},
title = {Úvod do praktické fyziky I},
date = {2006},
subtitle = {Zpracování výsledků měření},
publisher = {MATFYZPRESS},
location = {Praha},
isbn = {80-86732-93-2},
}

@book{mechanika,
author = {Jozef KVASNICA and Antonín HAVRÁNEK and Pavel LUKÁČ and Boris SPRUŠIL},
title = {Mechanika},
date = {2004},
publisher = {Academia},
location = {Praha},
isbn = {80-200-1268-0},
}

@online{ZFP,
ALTauthor = {author},
ALTeditor = {editor},
title = {Rychlost šíření vzduchu|Studijní text pro fyzikální praktikum I MMF UK},
urldate = {2016-04-10},
url = {http://physics.mff.cuni.cz/vyuka/zfp/_media/zadani/texty/txt_110.pdf},
}

@online{converter,
ALTauthor = {author},
ALTeditor = {editor},
title = {Fyzikální tabulky na webu conVERTER},
urldate = {2016-04-13},
url = {http://www.converter.cz/tabulky/index.htm}
}

@online{sengpiel,
ALTauthor = {Eberhard Sengpiel},
ALTeditor = {editor},
title = {Calculation|Speed of sound in humid air},
urldate = {2016-04-13},
url = {http://www.sengpielaudio.com/calculator-airpressure.htm}
}

@online{modul,
ALTauthor = {author},
ALTeditor = {editor},
title = {Mechanické vlastnosti pevných látek|Portál pro strojní konstruktéry},
urldate = {2016-04-13},
url = {http://e-konstrukter.cz/prakticka-informace/mechanicke-vlastnosti-pevnych-latek}
}